4054 2655
160 376 1833 110 Si l'année est mauvaise puis que je ne compte sur l'hoñ: des Sources

159 427 1813 126 que sur 200 m. de sucre Brut; peut être même ne les ferais je

135 501 1837 125 pas, sur celle des varreux j'espere que j'approcherai de 300 m.

120 578 1850 118 vous n'êtes pas le seul, monsieur, qui vous appercevés de cette

81 646 1876 138 Diminution, Demandez à monsieur le m^is Desegue ce qu'il fera

72 728 1907 159 a lhoñ Santo qui a coutume de faire 12 & 1300 m. n'en fera peutetr

109 843 1879 133 pas au dire du A^e 700 m. l'année prochaine sera je l'espere

103 946 1574 101 plus abondante, Du moins la saison nous l'annonce.

143 1028 1795 116 je suis forcé pour completter mon chargement de primer de

116 1091 1868 122 canne & de ses rouller à 14 mois. je suis pour le moment sans le

112 1182 1864 120 sol, & obligé de faire attendre ceux a qui les hoñs: doivent

95 1283 1875 91 vous aurés vû par la nôtte que j'ai fait passer à m^de de Conflans

87 1351 1886 131 les dettes que j'ai a paÿer; je compte qu'a la fin de l'année je

97 1421 1885 148 ne devrai rien, j'ai encore 5 oû 6 pieces de cannes à rouller

94 1517 1863 146 sur lhoñ: des varreux dont le produit sera emploÿé a vous liquid

97 1609 1868 146 je ferai ce que je pourrai pour vous faire une autre remises

94 1690 1892 147 15 à 20 B/ques de sucre à la fin de l'année, mais ce chargent

92 1783 1865 144 sera par Bordeaux, & à l'adresse de M^r jaure jeune

109 1907 1858 129 je n'ai plus à rouller sur le hoñ: des Sources qu'une petite pu

69 2029 1907 80 qui à a peine deux carreaux de terre; je suis pour le moment

73 2098 1896 105 à planter ma 8^eme piece de cannes de l'année, je me

64 2183 1912 118 trouve toujours très bien du labourage; & je continuerai a en

66 2311 566 72 faire usage.

2003 311 1932 186 vous avés dû voir par le compte de 1776 de m^r Provenchere que

2002 362 1925 226 Ce chapitre qui regarde les sirops n'est pas considerable, dans cette

1984 431 1968 232 que je vous rendrai vous verrés la même chose, la guerre Des anglois

1976 500 1943 247 americains avec les roÿalistes fait grand tort aux colonies

1996 566 1973 294 francaises, il ÿ a 4 ans que j'ai vû paÿer les sirops 9^lt ꝓ 1O^lt

1993 681 1888 265 Le % & aujourd'hui personne n'en veut à 30 sols le %. je

1998 758 1958 279 fais cuire le plus qu'il m'est possible ceux que j'ai Dans les Bassins

1994 868 1918 253 pour en faire ensuitte du sucre raffiné, mais il ÿ a une grande

1985 952 1977 260 diminution lors que l'on roulle en Brut ; les sirops qui sont dans

1978 1053 1983 240 un Bassin ne laissent pas que de fermenter, il arrive souvent

1982 1121 1970 279 qu'ils sont aigres, & que l'on ne peut les cuire, nôtre derniere

1981 1240 1987 241 ressource dans la circonstance présente est de les donner à manger

1986 1337 1930 231 aux animaux. malgré cela j'estime que mon chapitre –

2008 1494 1489 174 sucre raffiné ira cette année à 9 ou 10000^lt.

2031 1538 1953 216 je n'ai pas encore fait ramasser les bêtes a cornes de la hâtte; les secs qui

1984 1598 1972 226 ont regnés les ont fait maigrir, & comme les paturages

1981 1659 1997 257 Deviennent meilleurs aujourd'hui par les pluies qui tombent,

2004 1756 1967 257 je veux les laisser un peu engraisser auparavant que de les

2016 1843 1959 255 parquer, je me defairai par ce moÿen plus avantageusement

2003 1916 1972 269 De celles que je veux vendre, comme par exemple des vieilles

2000 2031 1758 237 vaches, & de celles qui ne donnent aucun profit.
