5111 3895
526 582 1824 158 L'on m'a envoÿé de france est empencher; mais neammoins tout

478 662 2048 177 Combiné il ne se vient pas a plus de neuf deniers; car s'il vous avoit fallû

469 772 2026 184 charger à fret les pots, et formes il vous en auroit couté pour le fret 2500^lt –

469 859 2013 194 environ puisque l'on evalüe mille pots et formes a 40 tonneaux, et que

480 1012 790 150 lon paie du tonneau 63^lt de fret.

543 1079 1976 165 Je fais esperer, monsieur, a m^r le marechal de lui envoier avec mon compte

471 1151 2063 190 de 1764 une notte des roulaisons depuis que je gere vos biens, ou vous verrés le

480 1250 2039 176 revenû annüel qui s'est fait sur vos habitations; Je vous en enverai, monsieur,

452 1350 1738 169 un double, et vous en confronterés L'emploi avec mes comptes.

456 1451 2031 167 Celui qui a entrepris le plan de vos habitations est ici occupé a arpenter

467 1542 1994 171 L'habitation, et a en lever le plan; je ne tarderai pas, je crois, a vous

476 1620 2058 182 les envoÿer; cet ouvrage coutera peu etre plus, monsieur, que vous ne vous etiés

491 1724 2024 178 imaginé car je n'ai pû les faire faire a moins de 4300^lt les deux –

497 1824 1951 171 quinse cent livres les deux; il est vrai qu'il m'en restera deux copies pour

495 1897 1920 186 que je puisse ÿ voir dans la suite les observations que vous pourés m'y –

506 2016 1998 143 faire; n'etant point encore accoutumé, monsieur, au prix des choses de ce pais;

495 2114 1983 142 Je ne doute point que vous ne trouviés cela cher; mais moi qui suis sur les lieux

493 2209 2000 149 a même de voir tous les jours paier de pareils travaux; je vous assure que

508 2313 1903 143 le prix n'en est pas trop haut. le même qui entreprend aujourdhui ce

513 2423 1963 141 travail a jadis fait le plan de l'habitation de m^r le marechal au

497 2531 2016 121 fond de l'isle a vache pour mil ecus, il est vrai que l'hab^on est bien grande.

523 2633 1934 112 mais vous remarquerés aussi que le prix est de moitié et qu'il ÿ a deux

536 2713 1784 130 habitations; si vous le souhaités même, Je pourai vous envoier en

519 2813 1942 116 france les quatre copies; m^r le maréchal en tiendroit le double

519 2906 1929 129 et pour lors lui faisant agréer cela; la depense en seroit commune;

523 3016 1964 121 il est vrai que les copies dont je vous parle seront bien aussi exactes

534 3122 1985 108 que les 1^eres que vous recevrés; mais non pas aussi bien desinées; –

530 3219 1927 113 n'aiant tiré ces deux copies du dessinateur que par grace, et cela

526 3312 1844 126 n'etant pas du marché; je pourai m'en faire une pour me

517 3418 1911 124 rendre raison a moi même, et correspondre avec vous sur cet objet

3015 566 1260 113 que j'entendrai toujours etant sur les lieux※

3013 655 2009 113 celui qui fait ces plans se nome m^r Rolland, et est connû de m^d Conflans

3006 750 1983 122 c'est un garçon a talens, et qui adressé le plan general de la Colonie il

3006 843 1992 143 Compté passer en france sous peu pour faire graver cette carte; comme

3011 949 1985 137 il n'est point en etat d'entreprendre ce travail avec ses propres facultés; beaucoup

3009 1055 1885 122 d'habitants ont souscris pour cet ouvrage; il ne demande que deux cent

3009 1170 1993 113 cinquante livres a chacun pour tems de livrer un plan general, et ensorte un –

3011 1261 1920 136 particulier du quartier que l'on desirera; il a deja pour cent vingt cinq

3011 1371 2004 117 mille livres de souscriptions; si vous etiés curieux d'avoir un pareil plan

3011 1480 1021 121 il vous seroit facile de vous le procurer.

3117 1560 1885 127 Je n'ai pû encore faire rentrer ce qui reste dû a la succession de feu –

3011 1648 1980 141 m^r fougeû. Je vous ai parlé, monsieur, dans plusieurs de mes lettres, et a

3015 1754 2005 132 m^r le m^al que j'avois remis a m^r mithon de genouille le billet de m^r le

3004 1847 2020 152 chev^r de Conflans de mil ecus argent de l'amerique au profit de m fougeu.

3017 1945 1994 132 vous ne m'avés pas fais l'honneur de me repondre a cet article de ma lettre

3011 2031 1091 150 de sorte que j'ignore si vous l'avés recû.

3190 2133 678 184 Je suis avec Respect

3970 2256 853 124 Votre tres humble et tres

3104 2349 508 132 Monsieur

4000 2369 701 102 obeissant serviteur

3026 2484 1630 186 au cul de sac le 25 mars 1765. Provenchere
