1947 2573
458 283 1165 124 Nous felix Dabbadie, et julien

451 375 1144 141 Dumoret docteurs en medecine

460 461 1155 156 residant à Bagneres de Bigorre

460 538 1251 165 certifions que monsieur Leysse medecin

190 624 1453 175 Des armées Du Roÿ au Cap francais en l'ile S^t–

463 720 1176 140 Domingue actuellement à Bagneres

477 803 1212 153 a la Râte obstruée; et un Empatement

471 911 1117 126 considerable au foÿe, qui lui à –

478 997 1198 127 causé, et lui entetient une jaunisse

477 1084 1194 122 qui la entierement decoloré, avec

494 1154 1157 151 perte d'appetit, amaigrissement, et

486 1236 1157 131 lassitude au moindre mouvement

482 1316 1021 142 considerable; pour laquelle –

490 1408 1123 131 incommodité il etoit dejà venu à

471 1479 1187 164 nos eaux lannée derniere, et ÿ est

473 1586 1215 130 encore aujourdhui afin d'obtenir, ou

499 1657 1175 137 une guérison, ou un soulagement à

488 1738 1212 153 ses maux; certifions en outre quil

508 1822 1218 133 souffre beaucoup du Bras droit, d'une

503 1905 1159 136 douleur sa⟦tu⟧metismale, pour laquelle

503 1996 1200 121 il prend des douches; nous croÿons que

500 2091 1213 140 le climat du Cap francais; et la maniere
