2400 3616
172 96 354 70 24 Mai 1771

148 162 639 83 luy ecrire que la regle

142 224 664 87 des 20 dus de service en

142 287 690 98 juste, que lon ne doit s'en

138 345 730 123 ecuster que par de fortes

138 419 754 115 considerations qui doivent

132 497 703 135 estre fondées principalem^t

134 578 764 121 sur lassiduité des fonctions

140 676 730 105 en sus ⟦la disti⟧ l'importance

126 747 679 111 du service rendu que

116 847 708 113 par le compte que je me

114 916 639 117 suis fait rendre jay

116 1012 629 104 reconnu quil auroit

123 1081 621 133 que dix huit ans de

122 1185 595 110 magistrature donc

118 1263 583 99 il en avoit passé 6

108 1340 594 100 années en france

112 1432 609 90 quainsi il ne m'est

105 1476 669 154 pas possible de proposer

108 1574 683 133 au Roy de luy accorder

114 1645 651 144 la grace qu'il demande

241 1789 235 95 N°23.

192 1926 413 131 Loiseau

223 2053 253 86 Cons.

938 170 690 151 S^t Domingue

847 427 1369 193 Le S^r Loiseau Conseiller au Conseil superieur

795 624 1397 107 du Cap demande des Provisions d'honnoraire

783 753 1421 126 au meme Conseil. Il a été nommé assesseur le

786 897 1363 136 30 Juin 1753 et Conseiller titulaire Le 24

805 1045 364 115 mars 1758.

866 1199 1248 106 Quoique l'assessorat dans nos Isles ne

802 1322 1402 133 puisse être rigoureusement regardé que, comme

777 1464 1414 127 un moyen d'Instruction et d'Epreuve pour

786 1615 1387 129 parvenir aux offices de Conseiller, Il paroit –

765 1738 1423 139 cependant Juste que les services de ceux qui ont

747 1896 1449 116 suivi cette gradation soient comptés pour les

741 2032 1455 117 lettres d'honnoraire, du jour de leur Commission

739 2157 1389 129 d'assesseur, les services du S^r Loiseau –

735 2316 1435 98 remontroient ainsy à 18 ans, mais il en a

737 2454 1443 101 passé près de 6 en france. On trouve dans

731 2585 1459 104 les nottes envoyées par les administrateurs

733 2734 1451 122 que ce Conseiller est un juge médiocre et que ses

733 2864 1445 147 Idées sur les prérogatives des Cours de Justice

721 3009 887 128 vont Jusqu'au fanatisme.
