2944 4064
659 243 665 84 Délivré gratis, sauf le prix du

741 322 485 73 timbre qui est de 10 liv.

741 717 1717 116 CERTIFICAT DE RÉSIDENCE

693 851 1814 81 Pour les Citoyens non prévenus d'émigration, en exécution de la Loi concer¬

747 932 1760 84 ¬nant les Emigrés, en date du 26 Brumaire, 3^e année de la République

747 1013 705 75 Française, une et indivisible.

702 1207 771 79 COMMUNE DE PARIS.

1513 1207 997 77 DÉPARTEMENT DE LA SEINE.

702 1399 1812 86 EXTRAIT des registres des délibérations de la Trajean Municipalité du cnnton de Paris,

745 1472 1767 94 du vingt neuf Messidor l'an ⟦quatrième⟧ de la République Française, une et indivisible.

1409 1463 210 57 cinquieme

702 1573 1457 77 Nous soussignés, Président et Membre de la troisiesme Administration municipale

743 1659 775 84 CERTIFIONS sur l'attestation des citoyens

709 1700 1378 119 I. Pierre Limart Tailleur rue joseph n°4

719 1783 1361 123 2. Jean Tibeuf, charon meme rue n°26

711 1878 1410 108 3. Antoine Crepin, Tourneur meme rue n°3

714 2025 1962 149 tous domiciliés dans notre arrondissement, que (1) le citoyen Philippes Joseph Dominique ⎀

708 2140 1968 98 âgé de soixante sept ans, taille de cinq pieds seuf pouces lignes, nez large et gros

713 2205 1745 84 bouche ordinaire menton rond et gras cheveux chatain visage Plein front Decourtaut yeux noirs

1357 2201 89 47 Peruque

1524 2255 71 51 gris

711 2269 1824 72 réside ou a résidé sans interruption dans la Municipalité rue Montmartre n°158 maison appartenant

709 2320 1902 95 au C^e allaume depuis janvier mil ⟦jusqu'⟧ sept cent quatre vingt dix jusqua le jour –

750 2390 1785 91 FAIT à la troisieme Muncipalité, le vingt neuf Messidor an cinq de la République Française,

713 2470 1819 74 une et indivisible, en présence du certifié et des attestans, lesquels ont signé avec nous, tant le pré¬

716 2540 476 60 ¬sent extrait que le registre.

817 2808 1638 145 pareses Zevallos Liunarts Crepin tibeuf

869 2957 262 81 (2) Certifie.

1301 2971 233 67 Attestant.

1771 2968 228 61 Attestant

2173 2959 210 59 Attestant.

944 3154 300 162 Paris

908 3291 544 104 Président de l'Administration.

1949 3163 344 135 hleron

1868 3271 587 126 Membre de l'Administration.

230 2086 474 81 (1) Les nom, surnom, prénoms,

216 2170 485 102 ¬sion, et signalement d certifié

234 1846 452 68 Nota. Ici les noms des attestans.

219 2144 474 55 âge, ci-devant qualité ou profes¬

275 2826 452 57 (2) Si le certifié, les attestans

232 2862 497 50 ou quelques-uns d'eux ne savent

232 2898 502 57 pas signer, il en sera fait mention

230 2935 499 61 sur le certificat et sur les registres.

210 3018 524 106 ⎀Parisis Zevallos

196 3095 601 122 ancien militaire
