2082 2462
737 101 362 93 Seez 11 may 1783

287 248 438 98 ac de la Caz 14 may

295 440 323 101 Monseigneur

1192 443 545 246 M. Lund de meis

1324 574 300 168 R L 18

257 723 1608 97 en consequence des ordres que vous avez donné a mon fils d'envoyer un certificat des

250 776 1607 103 noblesse pour estre en etat d'occuper la place De cadet gentilhomme Dans le

248 834 1587 112 bataillon auxiliaire Des trouppes Des colonies a la quelle Sa majesté a bien

240 895 1609 110 voulu le nommer je l'honneur De vous prevenir que m^r cherin a Du faire

243 958 1611 115 remettre ⟦au⟧ bureau De la marine ce certificat conforme a celuy quil Donna

243 1023 1577 104 il y a environ Dix huit mois a son frere pour une sous lieutenance Dans

232 1084 1572 118 le regiment De viennois qui est actuellement a l'amerique vous exigez

232 1154 1633 113 aussy De moy, Monseigneur, une pension De trois cent livres par an payable

229 1213 1623 113 De Six mois en Six mois, je la luy fairai exactement il emportera avec

233 1278 1582 102 Luy le premier terme lors qu'il aura reçu vos Derniers ordres pour se –

228 1344 1624 99 rendre a sa Destination; permettez, Monseigneur, qu'en ma qualité de

227 1404 1618 99 pere je reclame vos bontez et l'honneur De vostre protection pour cet

228 1466 1607 104 enfant, il ne manquera rien a ma felicité s'il s'en rend Digne et si vous

227 1527 1545 107 voulez bien agreer l'assurance Du profond respect avec le quel je suis

227 1713 335 111 Monseigneur

1060 1858 781 119 Vostre tres humble et tres obeissant –

1036 1946 714 115 serviteur got De La Rosiere
