2240 3520
835 526 618 131 Mémoire,

453 903 1601 92 Lhérault de la Brétonniere, lieutenant au régiment d'Austrasie, –

471 997 1583 92 a l'honneur se représenter à Monseigneur le Comte de la Luzerne,

469 1095 1583 99 qu'après une campagne de l'inde de 7 ans, dans laqu'elle il a été fait –

471 1188 1579 90 prisonnier sur le vaisseau le Protais, où il à perdu ses équipages –

469 1276 1587 100 et a été blessé deux fois dans le cours de cette campagne, ayant des

471 1366 1583 106 affaires de famille à terminer à lisle de france, a obtenu pour toute –

475 1472 1581 88 récompense, un congé de 14 mois avec son passage aux frais –

471 1556 1589 108 de sa Majesté, dont le double ci-joint de l'ordre à été envoyé par

477 1648 1571 90 M. le marquis de Castries à l'intendant de l'orient; malgré cet –

475 1738 1573 102 ordre, il a attendu en ce port à ses frais, cinq mois, sans pouvoir

477 1830 1557 106 avoir son passage; d'après le peu de tems qu'il avoit pour faire

473 1928 1581 115 un aussi long voyage, il a été obligé de payer à la Compagnie des

479 2020 1563 97 indes pour passer sur un de ses vaisseaux, vu le nombre de –

477 2117 1559 102 passagers du roi qu'il y avoit pour cette destination, la somme de

492 2213 1558 102 sept cents livres pour surplus du prix accordé par S. M. à celui

473 2301 1571 119 que payent les particuliers, dont il offre de justiffier par le reçu –

475 2399 397 94 du Capitaine.

614 2483 1444 108 L'expiation de son congé étant arrivée, il a demandé à lisle

469 2579 1589 100 de france à M. le Chev^er d'Entrecastreaux, son passage pour revenir

477 2675 1551 99 en france, puisque S. M. avoit bien voulu le lui accorder quand

481 2774 1551 85 il en étoit parti; la réponse de M^rs les administrateurs de cette

485 2866 1543 98 Colonie, fût qu'il n'avoit qu'à attendre l'occasion, quils le luy –

481 2970 1537 96 accorderoient sur le premier vaisseau particulier; qu'il y avoit
