3991 2775
444 257 1503 108 je savois que M^r Le maq^s de L'hopital alloit ambassadeur

417 343 1327 91 en Russie, cest toujours une marque de distinction.

425 420 1507 102 je suis bien aise que vous ayés donné a diné à M^r de –

417 493 1529 117 Vaudibon et que vous le satisfassiés sur le bon vin qu'il m'a

404 578 1557 111 envoyé, faites lui mes compliments; quant à M^r de Marnemaria

396 655 1556 120 son état est tout à fait dangereux, j'accepte L'auquis de M^r

402 732 1539 122 de Vaudibon, dans le service on succede aux places, malgré

396 809 1547 123 les regrets qu'on doit à ceux qu'on perd, c'est le fort de la

400 881 1502 136 destinée des humains. il est tres vraisemblable que M^r

394 955 1525 144 de la galissonniere aura ordre de chercher l'Escadre de

391 1034 1567 137 m^r honeuk et de la combattre, cest pour lui une circonstance

391 1110 1154 126 heureuse où il pourra se combler de gloire

390 1182 1503 146 je suis faché que vous ayés eu un vilain tems lorsque vous

391 1262 1521 128 avés etée chez M^de Darcy, mais M^r de Vienne a dissipé

390 1328 1520 145 vos peurs. je vous enveyrai deux relations de la feste que

387 1407 1514 123 j'ai donné, mais les imprimés sont à bord, le ch^r des Roches

388 1481 1485 126 doit en envoyer chercher ce matin et s'ils viennent je les

387 1557 1552 137 joindrai à ma lettre. je n'entend point parler de notre Pere,

383 1640 1378 126 on ne recoit quasi point de lettres de S^t Domingue,

382 1711 1551 142 il n'y a rien de nouveau, on a arresté un Espion, s'il est –

377 1789 1589 141 coupable on ne lui fera pas de grace. on va armer et carenner

379 1862 1545 137 les vaisseaux deux a deux et à mener ils iront en Rade, les

380 1942 1583 134 capitaines feront sept mois de vivre pour leurs tables ainsi nous

383 2027 1566 122 en avons pour du tems, je compte que mon Escadre fera de

379 2093 1574 128 méme; il me faut chere M. qu'il m'arrive quelque chose –

382 2172 1588 134 d'heureux pour me consoler de n'etre pas aupres de vous, mais

382 2267 1590 116 aussi si cette guerre se termine, nous seront en repos long¬

345 2346 1631 133 ¬tems, comme je vous ai mandés que je ne vous di⟦so⟧it plus que

373 2435 1576 121 je vous aime trop, je me contente de vous dire que je vous

371 2514 1609 131 aime assez, vous en devés etre convaincue; mon assez c'est

2297 205 1505 94 beaucoup, mais rien de trop puisque cela me plait, ayés

2293 279 1566 98 la bonté (s'il vous plait) de ne point vous l'asser de penser

2286 376 1550 83 à moy, resonnés en avec la chere femme que j'aime, –

2291 454 1559 84 je l'embrasse à un demi pied au dessous du manton et vous

2286 536 1527 80 chere M. je vous chatouille depuis le genoux jusqu'à la

2282 610 1525 86 couture, apres quoy je remonte tout doucement jusquà la

2290 689 1573 81 bouche, au nez, aux yeux, aux joues, aux oreilles que je tire,

2280 760 1603 97 et que je baise par tout, adieu et bon jour, petitte mere, servante

2300 838 387 91 du G. L.
